<?xml version="1.0" encoding="UTF-8"?><collection xmlns="http://www.loc.gov/MARC21/slim"><record><leader>00315nam--2200121-i-4500</leader><controlfield tag="001">000021660</controlfield><controlfield tag="002">20161230</controlfield><controlfield tag="005">20161230201034</controlfield><controlfield tag="008">060222s1000------------r-----000-0-eng-d</controlfield><datafield ind1=" " ind2=" " tag="100"><subfield code="a">Harris, E.T</subfield></datafield><datafield ind1=" " ind2=" " tag="245"><subfield code="a">A structural introduction to chemistry</subfield></datafield><datafield ind1=" " ind2=" " tag="260"><subfield code="a">London, Blakie &amp; Son, Ltd., 1958. Ix + 181 P</subfield></datafield><datafield ind1=" " ind2=" " tag="852"><subfield code="a">14887</subfield></datafield></record></collection>